@unpublished{fahda:16:backtracking,
	author = {Asanilta Fahda},
	title = {KenKen Puzzle Solver using Backtracking Algorithm},
	year = {2015},
	note = {Makalah IF2211 Strategi Algoritma - Semester II Tahun 2014/2015, Program Studi Teknik Informatika, Sekolah Teknik Elektro dan Informatika, Institut Teknologi Bandung},
	url = {http://informatika.stei.itb.ac.id/~rinaldi.munir/Stmik/2014-2015/Makalah2015/Makalah_IF221_Strategi_Algoritma_2015_016.pdf}
	}

@inproceedings{johanna:12:hybrid,
	author = {Olivia Johanna, Samuel Lukas, Kie Van Ivanky Saputra},
	title = {Solving and Modeling Ken-ken Puzzle by Using Hybrid Genetics Algorithm},
	pages = {98-102},
	booktitle = {1st International Conference on Engineering and Technology Development (ICETD 2012)},
	year = {2012},
	month = {20-21 Juni},
	address = {Bandar Lampung, Lampung, Indonesia},
	publisher = {Faculty of Engineering and Faculty of Computer Science, Bandar Lampung University},
	}