@inproceedings{Fahda:2015,
	author = {Fahda, Asanilta},
	booktitle = {Makalah IF2211 Strategi Algoritma - Semester II Tahun 2014/2015},
	publisher = {Program Studi Teknik Informatika, Sekolah Teknik Elektro dan Informatika, Institut Teknologi Bandung},
	title = {KenKen Puzzle Solver using Backtracking Algorithm},
	url = {http://informatika.stei.itb.ac.id/~rinaldi.munir/Stmik/2014-2015/Makalah2015/Makalah_IF221_Strategi_Algoritma_2015_016.pdf},
	year = {2015},
	}

@inproceedings{JohannaLukasSaputra:2012,
	author = {Johanna, Olivia and Lukas, Samuel and Saputra, Kie Van Ivanky},
	booktitle = {1st International Conference on Engineering and Technology Development (ICETD 2012)},
	issn = {2301-6590},
	pages = {98-102},
	publisher = {Faculty of Engineering and Faculty of Computer Science, Bandar Lampung University},
	title = {Solving and Modeling Ken-ken Puzzle by Using Hybrid Genetics Algorithm},
	url = {http://artikel.ubl.ac.id/index.php/icetd/article/view/94},
	year = {2012},
	}